<?xml version="1.0" encoding="UTF-8"?><collection xmlns="http://www.loc.gov/MARC21/slim"><record><leader>00412nam--2200133-i-4500</leader><controlfield tag="001">000047085</controlfield><controlfield tag="002">20161230</controlfield><controlfield tag="005">20161230201046</controlfield><controlfield tag="008">060222s1000------------r-----000-0-eng-d</controlfield><datafield ind1=" " ind2=" " tag="080"><subfield code="a">548.5.043:532.6(043)</subfield></datafield><datafield ind1=" " ind2=" " tag="100"><subfield code="a">Vu Thien Binh</subfield></datafield><datafield ind1=" " ind2=" " tag="245"><subfield code="a">Evolution du profil d`un cristal sous l`action de l`evaporation et de la diffusion de surface. these</subfield></datafield><datafield ind1=" " ind2=" " tag="260"><subfield code="a">Lyon, L`Univ.Claude Bernard, 1974. 126 P</subfield></datafield><datafield ind1=" " ind2=" " tag="852"><subfield code="a">43405</subfield></datafield></record></collection>